@article{ito2015toward,
  title={Toward a comprehensive understanding of executive cognitive function in implicit racial bias.},
  author={Ito, Tiffany A and Friedman, Naomi P and Bartholow, Bruce D and Correll, Joshua and Loersch, Chris and Altamirano, Lee J and Miyake, Akira},
  journal={Journal of Personality and Social Psychology},
  volume={108},
  number={2},
  pages={187},
  year={2015},
  publisher={American Psychological Association}
}

@article{payne2005conceptualizing,
  title={Conceptualizing control in social cognition: how executive functioning modulates the expression of automatic stereotyping.},
  author={Payne, B Keith},
  journal={Journal of personality and social psychology},
  volume={89},
  number={4},
  pages={488},
  year={2005},
  publisher={American Psychological Association}
}

@article{ma2013fatigue,
  title={When fatigue turns deadly: The association between fatigue and racial bias in the decision to shoot},
  author={Ma, Debbie S and Correll, Joshua and Wittenbrink, Bernd and Bar-Anan, Yoav and Sriram, N and Nosek, Brian A},
  journal={Basic and applied social psychology},
  volume={35},
  number={6},
  pages={515--524},
  year={2013},
  publisher={Taylor \& Francis}
}

@article{lueke2015mindfulness,
  title={Mindfulness meditation reduces implicit age and race bias: The role of reduced automaticity of responding},
  author={Lueke, Adam and Gibson, Bryan},
  journal={Social Psychological and Personality Science},
  volume={6},
  number={3},
  pages={284--291},
  year={2015},
  publisher={Sage Publications Sage CA: Los Angeles, CA}
}

@article{payne2002best,
  title={Best laid plans: Effects of goals on accessibility bias and cognitive control in race-based misperceptions of weapons},
  author={Payne, B Keith and Lambert, Alan J and Jacoby, Larry L},
  journal={Journal of Experimental Social Psychology},
  volume={38},
  number={4},
  pages={384--396},
  year={2002},
  publisher={Elsevier}
}

@techreport{Albright(19),
    title={If You Give a Judge a Risk Score: Evidence from Kentucky Bail Decisions},
    author={Alex Albright},
    year={2019}
}

@article{AlonsoMatouschek(08),
    title={Optimal Delegation},
    author={Ricardo Alonso and Niko Matouschek},
    year={2008},
    journal={The Review of Economic Studies},
    volume={75},
    number={1},
    pages={259--293}
}

@article{AmadorBagwell(13),
    title={The Theory of Optimal Delegation with An Application to Tariff Caps},
    author={Manuel Amador and Kyle Bagwell},
    year={2013},
    journal={Econometrica},
    volume={81},
    number={4},
    pages={1541--1599}
}

@article{ArmstrongRochet(99),
    title={Multi-dimensional screening: A user's guide}, 
    author={Mark Armstrong and Jean-Charles Rochet},
    year={1999},
    journal={European Economic Review},
    volume={43},
    pages={959--979}
}

@article{ArnoldDobbieYang(18),
    title={Racial Bias in Bail Decisions},
    author={David Arnold and Will Dobbie and Crystal Yang},
    journal={The Quarterly Journal of Economics},
    year={2018},
    volume={133},
    number={4},
    pages={1885–-1932}
}

@incollection{Arrow1973,
    title={The theory of discrimination}, 
    author={Kenneth J. Arrow},
    year={1973},
    booktitle={Discrimination in Labor Markets},
    editor={Orley Ashenfelter and Albert Rees},
    press={Princeton University Press},
    pages={3--33}
}

@article{Athey2017, 
    title={Beyond prediction: Using big data for policy problems},
    author={Susan Athey},
    journal={Science},
    year={2017},
    volume={355}, 
    pages={483-485}
}

@techreport{AtheyEtAl(19)-Surrogates,
    title={The Surrogate Index: Combining Short-Term Proxies to Estimate Long-Term Treatment Effects More Rapidly and Precisely},
    author={Susan Athey and Raj Chetty and Guido Imbens and Hyungseung Kang},
    year={2019},
    institution={NBER Working Paper No. 26463}
}

@techreport{AtheyEtAl(20)-AIorganizations,
    title={The Allocation of Decision Authority to Human and Artificial Intelligence},
    author={Susan C. Athey and Kevin A. Bryan and Joshua S. Gans},
    year={2020},
    institution={NBER Working Paper No. 26673}
}

@article{BaiWang(16),
    title={Econometric Analysis of Large Factor Models},
    author={Jushan Bai and Peng Wang},
    year={2016},
    journal={Annual Review of Economics},
    volume={8},
    pages={53--80}
}

@techreport{BalakrishnanWasserman(17)-TestingHighDMultinomialMinimax,
    title={Hypothesis Testing For Densities and High-Dimensional Multinomials: Sharp Local Minimax Rates},
    author={Sivaraman Balakrishnan and Larry Wasserman},
    year={2017},
    institution={arXiv preprint arXiv:1706.10003}
}

@techreport{BalakrishnanWasserman(17)-TestingHighDMultinomialReview,
    title={Hypothesis Testing for High-Dimensional Multinomials: A Selective Review},
    author={Sivaraman Balakrishnan and Larry Wasserman},
    year={2017},
    institution={arXiv preprint arXiv:1712.06120}
}

@techreport{BalanshankarEtAl(19),
    title={What is Fair? Exploring Pareto-Efficiency for Fairness Constrained Classifiers},
    author={Ananth Balashankar and Alyssa Lees and Chris Welty and Lakshminarayanan Subramanian},
    year={2019},
    institution={arXiv preprint arXiv:1910.14120}
}

@book{BarocasHardtNarayan-FairnessBook,
  title = {Fairness and Machine Learning},
  author = {Solon Barocas and Moritz Hardt and Arvind Narayanan},
  publisher = {fairmlbook.org},
  note = {\url{http://www.fairmlbook.org}},
  year = {2019}
}

@article{BarocasSelbst2016,
  title={Big Data's Disparate Impact},
  author={Solon Barocas and Andrew Selbst},
  journal={California Law Review},
  volume={104},
  pages={671--732},
  year={2016}
}

@book{Becker1957,
    title={The Economics of Discrimination},
    author={Gary Becker},
    publisher={University of Chicago Press},
    city={Chicago},
    year={1957}
}

@article{BertrandMullainathan(04),
    title={Are Emily and Greg More Employable Than Lakisha and Jamal? A Field Experiment on Labor Market Discrimination},
    author={Marianne Bertrand and Sendhil Mullainathan},
    year={2004},
    journal={American Economic Review},
    volume={94},
    number={4},
    pages={991--1013}
}

@article{BolukbasiEtAl(16),
    title={Man is to computer programmer as woman is to homemaker? Debiasing word embeddings},
    author={Tolga Bolukbasi	and Kai-Wei Chang and James Zou and Venkatesh Saligrama and Adam Kalai},
    year={2016},
    journal={NIPS'16 Proceedings of the 30th International Conference on Neural Information Processing Systems},
    pages={4356--4364}
}

@article{Boyd2012,
    title={Critical Questions for Big Data},
    author={Danah Boyd},
    journal={Information, Communication \& Society},
    year={2012},
    vol={15},
    pages={662-679}
}

@article{Carlana(19),
    title={Implicit Stereotypes: Evidence from Teachers’ Gender Bias},
    author={Michela Carlana},
    year={2019},
    journal={The Quarterly Journal of Economics},
    volume={134},
    number={3},
    pages={1163--1224}
}

@article{CaliskanEtAl(17),
    title={Semantics derived automatically from language corpora contain human-like biases},
    author={Aylin Caliskan and Joanna J. Bryson and Arvind Narayanan},
    year={2017},
    journal={Science},
    volume={356},
    number={6334},
    pages={183--186}
}

@article{CannoneEtAl(18)-TestingCondIndependenceDiscrete,
    title={Testing Conditional Independence of Discrete Distributions},
    author={Clement L. Canonne and Ilias Diakonikolas and Daniel M. Kane and Alistair Stewart},
    year={2018},
    journal={STOC 2018 Proceedings of the 50th Annual ACM SIGACT Symposium on Theory of Computing},
    pages={735-748}
}

@article{ChalfinEtAl(16),
	title = {Productivity and {Selection} of {Human} {Capital} with {Machine} {Learning}},
	volume = {106},
	number = {5},
	journal = {American Economic Review},
	author = {Chalfin, Aaron and Danieli, Oren and Hillis, Andrew and Jelveh, Zubin and Luca, Michael and Ludwig, Jens and Mullainathan, Sendhil},
	year = {2016},
	pages = {124--127}
}

@incollection{Chamberlain(11)-bayesian_treatment_choice,
    title={Bayesian Aspects of Treatment Choice},
    author={Gary Chamberlain},
    booktitle={The Oxford Handbook of Bayesian Econometrics},
    editor={J. Geweke and G. Koop and V. H. Dijk},
    year={2011},
    pages={11--39},
    publisher={Oxford University Press}
}

@article{ChanEtAl(14)-TestingClosenessDiscrete,
    title={Optimal algorithms for testing closeness of discrete distributions},
    author={Siu-On Chan and Ilias Diakonikolas and Gregory Valiant and Paul Valiant},
    year={2014},
    journal={SODA '14 Proceedings of the Twenty-Fifth Annual ACM-SIAM Symposium on Discrete Algorithms},
    pages={1193--1203}
}

@article{ChenEtAl(11),
    title={Nonlinear Models of Measurement Errors},
    author={Xiaohong Chen and Han Hong and Denis Nekipelov},
    journal={Journal of Economic Literature},
    year={2011},
    volume={49}, 
    number={4},
    pages={901--937}
}

@article{CharlesGuryan2008, 
    title={Prejudice and Wages: An Empirical Assessment of Becker's The Economics of Discrimination},
    author={Kerwin Kofi Charles and Jonathan Guryan},
    journal={Journal of Political Economy},
    volume={116},
    number={5},
    year={2008},
    pages={773-809}
}

@article{CharlesGuryan2011, 
    title={Studying Discrimination: Fundamental Challenges and Recent Progress},
    author={Kerwin Kofi Charles and Jonathan Guryan},
    journal={Annual Review of Economics},
    volume={3},
    year={2011},
    pages={479-511}
}

@article{Chouldechova2017b, 
    title={Fair Prediction with Disparate Impact: A Study of Bias in Recidivism Prediction Instruments},
    author={Alexandra Chouldechova},
    journal={Big Data},
    volume={5},
    number={2},
    year={2017}
}

@article{ChouldechovaRoth(20),
    title={A Snapshot of the Frontiers of Fairness in Machine Learning},
    author={Alexandra Chouldechova and Aaron Roth},
    journal={Communications of the ACM},
    year={2020},
    volume={63},
    number={5},
    pages={82--89}
}

@article{CoateLoury(93),
    title={Will Affirmative-Action Policies Eliminate Negative Stereotypes?},
    author={Stephen Coate and Glenn Loury},
    year={1993},
    journal={American Economic Review},
    volume={83},
    pages={1220--1240}
}

@article{CorbettDaviesEtAl2017,
    title={Algorithmic Decision Making and the Cost of Fairness},
    author={Sam Corbett-Davies and Emma Pierson and Avi Feller and Sharad Goel and Aziz Huq},
    journal={Proceedings of the 23rd Conference on Knowledge Discovery and Data Mining},
    year={2017}
}

@techreport{Cowgill(18)-Bail,
    title={The Impact of Algorithms on Judicial Discretion: Evidence from Regression Discontinuities},
    author={Bo Cowgill},
    year={2018}
}

@techreport{Cowgill2019-Resume,
    title={Bias and Productivity in Humans and Machines},
    author={Bo Cowgill},
    year={2019}
}

@techreport{CowgillStevenson(20),
    title={Algorithmic Social Engineering},
    author={Bo Cowgill and Megan Stevenson},
    year={2020}
}

@techreport{CowgillTucker2019, 
    title={Economics and Algorithmic Fairness},
    author={Bo Cowgill and Catherine Tucker},
    year={2019}
}

@article{CrockerSnow(86),
    title={The Efficiency Effects of Categorical Discrimination in the Insurance Industry},
    author={Keith J. Crocker and Arthur Snow},
    journal={The Journal of Political Economy},
    year={1986},
    volume={94},
    number={2},
    pages={321--344}
}

@techreport{DiakonikolasKane(16)-NewApproachTestingDiscrete,
    title={A New Approach for Testing Properties of Discrete Distributions},
    author={Ilias Diakonikolas and Daniel M. Kane},
    year={2016},
    institution={arXiv preprint arXiv:1601.05557}
}

@techreport{DobbieEtAl(18)-BiasInLending,
    title={Measuring Bias in Consumer Lending},
    author={Will Dobbie and Andres Liberman and Daniel Paravisini and Vikram Pathania},
    year={2018},
    institution={NBER Working Paper No. 24953}
}

@article{Dwork2012, 
    title={Fairness through Awareness},
    author={Cynthia Dwork and Moritz Hardt, Toniann Pitassi and Omer Reingold and Richard Zemel},
    journal={ITCS 2012 Proceedings of the 3rd Innovations in Theoretical Computer Science Conference},
    year={2012},
    pages={214-226}
}

@book{HTF2009,
    title={Introduction to Statistical Learning},
    author={Travor Hastie and Robert Tibshirani and Jerome Friedman},
    publisher={Springer-Verlag},
    year={2009}
}

@incollection{FangMoro(11),
    title={Theories of Statistical Discrimination and Affirmative Action: A Survey},
    author={Hanming Fang and Andrea Moro},
    year={2011},
    booktitle={Handbook of Social Economics},
    volume={1A},
    publisher={North-Holland},
    editor={Jess Benhabib and Matthew O. Jackson and Alberto Bisin},
    pages={133-200}
}

@article{FeldmanEtAl(15),
    title={Certifying and Removing Disparate Impact},
    author={Michael Feldman and Sorelle A. Friedler and John Moeller and Carlos Scheidegger	and Suresh Venkatasubramanian},
    year={2015},
    journal={Proceedings of the 21th ACM SIGKDD International Conference on Knowledge Discovery and Data Mining},
    pages={259--268}
}

@incollection{FortinLemieuxFirpo(11),
    title={Decomposition methods in economics},
    author={Nicole Fortin and Thomas Lemieux and Sergio Firpo},
    year={2011},
    booktitle={Handbook of Labor Economics},
    volume={4A},
    publisher={Elsevier},
    editor={Orley Ashenfelter and David Card},
    pages={1--102}
}

@article{FrangakisRubin(02)-PrincipalStratification,
    title={Principal stratification in causal inference},
    author={Constantine Frangakis and Donald Rubin},
    year={2002},
    journal={Biometrics},
    volume={58},
    number={1},
    pages={21--29}
}

@article{Frankel(14)-aligned_delegation,
    title={Aligned Delegation},
    author={Alexander Frankel}, 
    year={2014},
    journal={American Economic Review},
    volume={104},
    number={1},
    pages={66--83}
}

@article{Fryer(09),
    title={Implicit Quotas},
    author={Roland {Fryer Jr}},
    year={2009},
    journal={The Journal of Legal Studies},
    volume={38},
    number={1},
    pages={1-20}
}

@article{FryerLoury2013, 
    title={Valuing Diversity},
    author={Roland {Fryer Jr} and Glenn Loury},
    journal={Journal of Political Economy},
    year={2013},
    volume={121}, 
    number={4},
    pages={747-774}
}

@article{FryerLouryYuret(08),
    title={An Economic Analysis of Color-Blind Affirmative Action},
    author={Roland {Fryer Jr} and Glenn Loury and Tolga Yuret},
    journal={Journal of Law, Economics, and Organization},
    year={2008},
    volume={24},
    number={2},
    pages={319-355}
}

@techreport{FusterEtAl(18),
    title={Predictably Unequal? The Effects of Machine Learning on Credit Markets},
    author={Andreas Fuster and Paul Goldsmith-Pinkham and Tarun Ramadorai and Ansgar Walther},
    year={2018}
}

@article{Gibbons(98),
    title={Incentives in Organizations},
    author={Robert Gibbons},
    journal={Journal of Economic Perspectives},
    volume={12},
    number={4},
    year={1998},
    pages={115--132}
}

@article{GillisSpiess(19),
    title={Big Data and Discrimination},
    author={Talia B. Gillis and Jann Spiess}, 
    year={2019},
    volume={86},
    number={459},
    journal={University of Chicago Law Review}
    }

@article{Glaeser2018, 
    title={Big data and big cities: The promises and limitations of improved measures of urban life},
    author={Edward L Glaeser and Scott Duke Kominers and Michael Luca and Nikhil Naik},
    journal={Economic Inquiry},
    year={2018},
    volume={56}, 
    number={1},
    pages={114-137}
}

@article{GloverPallaisPariente(17),
    title={Discrimination as a Self-Fulfilling Prophecy: Evidence from French Grocery Stores},
    author={Dylan Glover and Amanda Pallais and William Pariente},
    year={2017},
    journal={The Quarterly Journal of Economics},
    volume={132},
    number={3},
    pages={1219–-1260}
}

@article{HardtPriceSrebro2016,
    title={Equality of Opportunity in Supervised Learning},
    author={Moritz Hardt and Eric Price and Nathan Srebro},
    journal={NIPS'16 Proceedings of the 30th International Conference on Neural Information Processing Systems},
    year={2016},
    pages={3323-3331}
}

@article{HeidariEtAl(18),
    title={Fairness Behind a Veil of Ignorance: A Welfare Analysis for Automated Decision Making},
    author={Hoda Heidari and Claudio Ferrari and Krishna P. Gummadi and Andreas Krause},
    journal={NIPS'18: Proceedings of the 32nd International Conference on Neural Information Processing Systems},
    year={2018},
    pages={1273--1283}
}

@techreport{Holmstrom(77),
    author={Bengst Holmstrom},
    title={On Incentives and Control in Organizations},
    institution={Ph.D. Thesis, Stanford University},
    year={1977}
}

@incollection{Holmstrom(84),
    title={On the Theory of Delegation},
    author={Bengst Holmstrom},
    year={1984},
    booktitle={Bayesian Models in Economic Theory},
    editor={M. Boyer and R. Kihlstrom},
    pages={115--141},
    publisher={New York: North Holland}
}

@article{Hoy(82),
    title={Categorizing Risks in the Insurance Industry},
    author={Michael Hoy},
    journal={The Quarterly Journal of Economics}, 
    volume={97},
    year={1982},
    pages={321--336}
}

@article{HuChen(18)-WelfareFairness,
    title={Welfare and Distributional Impacts of Fair Classification},
    author={Lily Hu and Yiling Chen},
    year={2018},
    journal={FAT/ML workshop at the 35th International Conference on Machine Learning}
}

@article{HuChen(20),
    title={Fair classification and social welfare},
    author={Lily Hu and Yiling Chen},
    year={2020},
    journal={FAT* '20: Proceedings of the 2020 Conference on Fairness, Accountability, and Transparency},
    pages={535--545}
}

@book{Kahneman2011,
    title={Thinking, Fast and Slow},
    author={Daniel Kahneman},
    publisher={Farrar, Straus and Giroux},
    city={New York},
    year={2011}
}

@article{KamishimaEtAl(11),
    title={Fairness-aware Learning through Regularization Approach},
    author={Toshihiro Kamishima and Shotaro Akaho and Jun Sakuma},
    year={2011},
    journal={2011 IEEE 11th International Conference on Data Mining Workshops}
}

@article{KamishimaEtAl(12),
    title={Fairness-aware Classifier with Prejudice Remover Regularizer},
    author={Toshihiro Kamishima and Shotaro Akaho and Hideki Asoh and Jun Sakuma},
    year={2012},
    journal={Proceedings of the European Conference on Machine Learning and Principles and Practice of Knowledge Discovery in Databases}, 
    volume={Part II},
    pages={35--50}
}

@article{Kang2013, 
    title={Where not to eat? Improving public policy by predicting hygeine inspections using online reviews},
    author={Jun Seok Kang and Polina Kuznetsova and Michael Luca and Yejin Choi},
    journal={Proceedings of the 2013 Conference on Empirical Methods in Natural Language Processing},
    year={2013},
    pages={1443-1448}
}

@article{Kerr(75),
    title={On the folly of rewarding A while hoping for B},
    author={Steven Kerr},
    journal={Academy of Management Journal},
    year={1975},
    volume={18},
    pages={769--783}
}

@article{KitagawaTetenov(18),
    title={Who should be treated? Empirical Welfare Maximization Methods for Treatment Choice},
    author={Toru Kitagawa and Aleksey Tetenov},
    year={2018},
    journal={Econometrica},
    volume={86},
    number={2},
    pages={591--616}
}

@article{KLMO(15),
    title={Prediction Policy Problems},
    author={Jon Kleinberg and Jens Ludwig and Sendhil Mullainathan and Ziad Obermeyer},
    journal={American Economic Review: Papers and Proceedings},
    year={2015},
    volume={105},
    number={5},
    pages={491-495}
}

@article{KLLLM(18), 
    title={Human Decisions and Machine Predictions},
    author={Jon Kleinberg and Himabindu Lakkaraju and Jure Leskovec and Jens Ludwig and Sendhil Mullainathan},
    journal={The Quarterly Journal of Economics},
    year={2018},
    volume={133}, 
    number={1},
    pages={237-293}
}

@article{KLMR(18),
    title={Algorithmic Fairness},
    author={Jon Kleinberg and Jens Ludwig and Sendhil Mullainathan and Ashesh Rambachan},
    journal={AEA Papers and Proceedings},
    year={2018},
    pages={22-27},
    volume={108}
}

@article{KLMS(18),
    title={Discrimination in the Age of Algorithms},
    author={Jon Kleinberg and Jens Ludwig and Sendhil Mullainathan and Cass Sunstein},
    journal={Journal of Legal Analysis},
    volume={80},
    year={2018},
    pages={1--62}
}

@article{KLMS(20)-PNAS,
	author = {Kleinberg, Jon and Ludwig, Jens and Mullainathan, Sendhil and Sunstein, Cass R.},
	title = {Algorithms as discrimination detectors},
	year = {2020},
	journal = {Proceedings of the National Academy of Sciences}
}

@article{KM2019,
    title={Simplicity Creates Inequity: Implications for Fairness, Stereotypes and Interpretability},
    author={Jon Kleinberg and Sendhil Mullainathan},
    journal={EC `19 Proceedings of the 2019 ACM Conference on Economics and Computation},
    year={2019},
    pages={807--808}
}

@techreport{KlineWalter(19),
    title={Audits as Evidence: Experiments, Ensembles and Enforcement},
    author={Patrick Kline and Christopher Walters},
    year={2019}
}

@article{LiptonEtAl(18),
    title={Does mitigating ML's impact disparity require treatment disparity?},
    author={Zachary Lipton and Julian McAuley and Alexandra Chouldechova},
    journal={32nd Conference on Neural Information Processing Systems (NeurIPS 2018)},
    year={2018}
}

@article{LiuEtAl(18),
    title={Delayed Impact of Fair Machine Learning},
    author={Lydia T. Liu and Sarah Dean and Esther Rolf and Max Simchowitz and Moritz Hardt},
    year={2018},
    journal={Proceedings of the 35 th International Conference on Machine Learning}
}

@article{LundbergStartz(83),
    title={Private Discrimination and Social Intervention in Competitive Labor Markets},
    author={Shelly Lundberg and Richard Startz},
    year={1983},
    journal={American Economic Review},
    volume={73},
    pages={340--347}
}

@article{Manski(04),
    title={Statistical Treatment Rules for Heterogeneous Populations},
    author={Charles Manski},
    journal={Econometrica},
    year={2004},
    volume={72},
    number={4},
    pages={1221--1246}
}

@article{Mayson(18),
    title={Bias In, Bias Out},
    author={Sandra Mayson},
    year={2018},
    journal={The Yale Law Journal},
    volume={128},
    number={8},
    pages={2122--2473}
}

@incollection{MenonWilliamson(18),
    title={The Cost of Fairness in Binary Classification},
    author={Aditya Krishna Menon and Robert C Williamson},
    year={2018},
    booktitle={Conference on Fairness, Accountability and Transparency},
    pages={107-118}
}

@techreport{MitchellEtAl(19),
    title={Prediction-Based Decisions and Fairness: A Catalogue of Choices, Assumptions, and Definitions},
    author={Shira Mitchell and Eric Potash and Solon Barocas and Alexander D'Amour and Kristian Lum},
    year={2019},
    institution={arXiv Working Paper, arXiv:1811.07867}
}

@article{MoonSchorfheide(12),
    title={Bayesian and Frequentist Inference in Partially Identified Models},
    author={Hyungsik Roger Moon and Frank Schorfheide},
    year={2012},
    journal={Econometrica},
    volume={80},
    number={2},
    pages={755--782}
}

@article{MullainathanObermeyer(17),
    title={Does Machine Learning Automate Moral Hazard and Error?},
    author={Sendhil Mullainathan and Ziad Obermeyer},
    year={2017},
    journal={American Economic Review: Papers \& Proceedings},
    volume={107},
    number={5},
    pages={476–-480}
}

@techreport{MullainathanObermeyer(19)--HeartTests,
    title={A Machine Learning Approach to Low-Value Health Care: Wasted Tests, Missed Heart Attacks and Mis-Predictions},
    author={Sendhil Mullainathan and Ziad Obermeyer}, 
    year={2019},
    institution={NBER Working Paper No. 26168}
}

@article{MS2017, 
    title={Machine Learning: An Applied Econometric Approach},
    author={Sendhil Mullainathan and Jann Spiess},
    journal={Journal of Economic Perspectives},
    year={2017},
    volume={31}, 
    number={2},
    pages={87-106}
}

@article{ObermeyerEtAl(19),
    title={Dissecting racial bias in an algorithm used to manage the health of populations},
    author={Ziad Obermeyer and Brian Powers and Christine Vogeli and Sendhil Mullainathan},
    year={2019},
    journal={Science},
    volume={366},
    number={6464},
    pages={447-453}
}

@article{Phelps1972,
    title={The statistical theory of racism and sexism}, 
    author={Edmund S. Phelps},
    year={1972},
    journal={American Economic Review},
    volume={62},
    pages={659-61}
}

@article{PleissEtAl(17),
    title={On Fairness and Calibration},
    author={Geoff Pleiss and Manish Raghavan and Felix Wu and Jon Kleinberg and Kilian Q. Weinberger},
    year={2017},
    journal={31st Conference on Neural Information Processing Systems (NIPS 2017)}
}

@article{Poirier(98),
    title={Revising Beliefs in Nonidentified Models},
    author={Dale J. Poirier},
    year={1998},
    journal={Econometric Theory},
    pages={483--509},
    volume={14},
    number={4}
}

@article{RKM2017,
    title={Inherent Trade-Offs in the Fair Determination of Risk Scores},
    author={Manish Raghavan and Jon Kleinberg and Sendhil Mullainathan},
    journal={The 8th Innovations in Theoretical Computer Science Conference},
    year={2017}
}

@techreport{RaghavanEtAl(19),
    title={Mitigating Bias in Algorithmic Hiring: Evaluating Claims and Practices},
    author={Manish Raghavan and Solon Barocas and Jon Kleinberg and Karen Levy},
    year={2019},
    institution={arXiv Working Paper, arXiv:1906.09208}
}

@techreport{RambachanRoth(19)-BiasInBiasOut,
    title={Bias In, Bias Out? Evaluating the Folk Wisdom},
    author={Ashesh Rambachan and Jonathan Roth},
    year={2019},
    institution={arXiv Working Paper, arXiv:1909.08518}
}

@techreport{RambachanEtAl(20),
    title={An Economic Approach to Regulating Algorithms},
    author={Ashesh Rambachan and Jon Kleinberg and Jens Ludwig and Sendhil Mullainathan},
    year={2020},
    institution={Unpublished Working Paper}
}

@article{RambachanEtAl(20)-PP,
    title={An Economic Perspective on Algorithmic Fairness},
    author={Ashesh Rambachan and Jon Kleinberg and Jens Ludwig and Sendhil Mullainathan},
    year={2020},
    journal={AEA Papers and Proceedings},
    volume={110},
    pages={91--95}
}

@article{Ramsey(27),
    title={A Contribution to the Theory of Taxation},
    author={F.P. Ramsey},
    year={1927},
    journal={The Economic Journal},
    volume={37},
    number={145},
    pages={47--61}
}

@book{Rodgers(06),
    title={The Handbook on the Economics of Discrimination},
    author={William M. Rodgers},
    publisher={Edward Elgar},
    city={Northampton, MA},
    year={2006}
}

@article{Rothschild(11),
    title={The Efficiency of Categorical Discrimination in Insurance Markets},
    author={Casey Rothschild},
    journal={The Journal of Risk and Insurance},
    year={2011},
    volume={78},
    number={2},
    pages={267--285}
}

@article{SaezStantcheva(16), 
    title={Generalized Social Marginal Welfare Weights for Optimal Tax Theory},
    author={Emmanuel Saez and Stefanie Stantcheva}, 
    year={2016}, 
    journal={American Economic Review}, 
    volume={106}, 
    number={1}, 
    pages={24-45}
}

@techreport{ShahPeters(19)-HardnessOfTestingConditionalIndependence,
    title={The Hardness of Conditional Independence Testing and the Generalised Covariance Measure},
    author={Rajen Shah and Jonas Peters},
    year={2019},
    institution={arXiv Working Paper, arXiv:1804.07203}
}

@article{ShleiferEtAl(16),
    title={Stereotypes},
    author={Pedro Bordalo and Katherine Coffman and Nicola Gennaioli and Andrei Shleifer},
    journal={The Quarterly Journal of Economics},
    year={2016},
    volume={131},
    number={4},
    pages={1753--1794}
}

@techreport{Spiess(18)-JMP,
    title={Optimal Estimation when Researcher and Social Preferences are Misaligned},
    author={Jann Spiess},
    year={2018}
}

@article{SteeleAronson(95),
    title={Stereotype Threat and the Intellectual Test Performance of African Americans},
    author={Claude Steele and Joshua Aronson},
    year={1995},
    journal={Journal of Personality and Social Psychology},
    volume={69},
    pages={797--811}
}

@article{Wald(49),
    title={Statistical Decision Functions},
    author={Abraham Wald}, 
    year={1949},
    journal={The Annals of Mathematical Statistics},
    volume={20},
    number={2},
    pages={165--205}
}

@book{Wilson2004,
    title={Strangers to Ourselves: Discovering the Adaptive Unconscious},
    author={Timothy D. Wilson},
    publisher={Belknap Press},
    year={2004}
}

@article{ZemelEtAl(13),
    title={Learning Fair Representations},
    author={Rich Zemel and Yu Wu and Kevin Swersky and Toni Pitassi and Cynthia Dwork},
    journal={Proceedings of the 30th International Conference on Machine Learning},
    year={2013},
    volume={28},
    number={3},
    pages={325-333}
}

@article{ZafarEtAl(19),
    title={Fairness Constraints: A Flexible Approach for Fair Classification},
    author={Muhammad Bilal Zafar and Isabel Valera and Manuel Gomez-Rodriguez and Krishna P. Gummadi},
    year={2019},
    journal={Journal of Machine Learning Research},
    volume={20},
    number={75},
    pages={1--42}
}

@article{shah2008heuristics,
  title={Heuristics made easy: An effort-reduction framework.},
  author={Shah, Anuj K and Oppenheimer, Daniel M},
  journal={Psychological bulletin},
  volume={134},
  number={2},
  pages={207},
  year={2008},
  publisher={American Psychological Association}
}

@article{gigerenzer2008heuristics,
  title={Why heuristics work},
  author={Gigerenzer, Gerd},
  journal={Perspectives on psychological science},
  volume={3},
  number={1},
  pages={20--29},
  year={2008},
  publisher={SAGE Publications Sage CA: Los Angeles, CA}
}

@article{tversky1974judgment,
  title={Judgment under uncertainty: Heuristics and biases},
  author={Tversky, Amos and Kahneman, Daniel},
  journal={science},
  volume={185},
  number={4157},
  pages={1124--1131},
  year={1974},
  publisher={American association for the advancement of science}
}

@article{beshears2008preferences,
  title={How are preferences revealed?},
  author={Beshears, John and Choi, James J and Laibson, David and Madrian, Brigitte C},
  journal={Journal of public economics},
  volume={92},
  number={8-9},
  pages={1787--1794},
  year={2008},
  publisher={Elsevier}
}

@incollection{benjamin2019errors,
  title={Errors in probabilistic reasoning and judgment biases},
  author={Benjamin, Daniel J},
  booktitle={Handbook of Behavioral Economics: Applications and Foundations 1},
  volume={2},
  pages={69--186},
  year={2019},
  publisher={Elsevier}
}

@article{bernheim2009beyond,
  title={Beyond revealed preference: choice-theoretic foundations for behavioral welfare economics},
  author={Bernheim, B Douglas and Rangel, Antonio},
  journal={The Quarterly Journal of Economics},
  volume={124},
  number={1},
  pages={51--104},
  year={2009},
  publisher={MIT Press}
}

@article{kahneman1991economic,
  title={Economic analysis and the psychology of utility: Applications to compensation policy},
  author={Kahneman, Daniel and Thaler, Richard},
  journal={The American Economic Review},
  volume={81},
  number={2},
  pages={341--346},
  year={1991},
  publisher={JSTOR}
}

@article{bordalo2016stereotypes,
  title={Stereotypes},
  author={Bordalo, Pedro and Coffman, Katherine and Gennaioli, Nicola and Shleifer, Andrei},
  journal={The Quarterly Journal of Economics},
  volume={131},
  number={4},
  pages={1753--1794},
  year={2016},
  publisher={MIT Press}
}

@book{kruglanski2002theory,
  title={A theory of goal systems},
  author={Kruglanski, Arie W and Shah, James Y and Fishbach, Ayelet and Friedman, Ron and Chun, Woo Young and Sleeth-Keppler, David},
  year={2002}
}


@article{mischel1989delay,
  title={Delay of gratification in children},
  author={Mischel, Walter and Shoda, Yuichi and Rodriguez, Monica I},
  journal={Science},
  volume={244},
  number={4907},
  pages={933--938},
  year={1989},
  publisher={American Association for the Advancement of Science}
}

@book{kahneman2011thinking,
  title={Thinking, fast and slow},
  author={Kahneman, Daniel},
  year={2011},
  publisher={Macmillan}
}

@article{stewart2006decision,
  title={Decision by sampling},
  author={Stewart, Neil and Chater, Nick and Brown, Gordon DA},
  journal={Cognitive psychology},
  volume={53},
  number={1},
  pages={1--26},
  year={2006},
  publisher={Elsevier}
}

@article{conlisk1996bounded,
  title={Why bounded rationality?},
  author={Conlisk, John},
  journal={Journal of economic literature},
  volume={34},
  number={2},
  pages={669--700},
  year={1996},
  publisher={JSTOR}
}

@article{dijksterhuis2006making,
  title={On making the right choice: The deliberation-without-attention effect},
  author={Dijksterhuis, Ap and Bos, Maarten W and Nordgren, Loran F and Van Baaren, Rick B},
  journal={Science},
  volume={311},
  number={5763},
  pages={1005--1007},
  year={2006},
  publisher={American Association for the Advancement of Science}
}

@article{asch1951effects,
  title={Effects of group pressure upon the modification and distortion of judgments},
  author={Asch, Solomon E and Guetzkow, Harold},
  journal={Organizational influence processes},
  pages={295--303},
  year={1951}
}

@misc{milgram1978obedience,
  title={Obedience to authority},
  author={Milgram, Stanley and Gudehus, Christian},
  year={1978},
  publisher={Ziff-Davis Publishing Company}
}

@article{cialdini2004social,
  title={Social influence: Compliance and conformity},
  author={Cialdini, Robert B and Goldstein, Noah J},
  journal={Annu. Rev. Psychol.},
  volume={55},
  pages={591--621},
  year={2004},
  publisher={Annual Reviews}
}

@article{yamagishi2008preferences,
  title={Preferences versus strategies as explanations for culture-specific behavior},
  author={Yamagishi, Toshio and Hashimoto, Hirofumi and Schug, Joanna},
  journal={Psychological Science},
  volume={19},
  number={6},
  pages={579--584},
  year={2008},
  publisher={SAGE Publications Sage CA: Los Angeles, CA}
}

@article{henrich2010beyond,
  title={Beyond WEIRD: Towards a broad-based behavioral science},
  author={Henrich, Joseph and Heine, Steven J and Norenzayan, Ara},
  journal={Behavioral and Brain Sciences},
  volume={33},
  number={2-3},
  pages={111},
  year={2010},
  publisher={Cambridge University Press}
}

@article{feagin1980discrimination,
  title={Discrimination: Motivation, action, effects, and context},
  author={Feagin, Joe R and Eckberg, Douglas Lee},
  journal={Annual Review of Sociology},
  volume={6},
  number={1},
  pages={1--20},
  year={1980},
  publisher={Annual Reviews 4139 El Camino Way, PO Box 10139, Palo Alto, CA 94303-0139, USA}
}

@book{massey1993american,
  title={American apartheid: Segregation and the making of the underclass},
  author={Massey, Douglas and Denton, Nancy A},
  year={1993},
  publisher={Harvard university press}
}

@article{pager2008sociology,
  title={The sociology of discrimination: Racial discrimination in employment, housing, credit, and consumer markets},
  author={Pager, Devah and Shepherd, Hana},
  journal={Annu. Rev. Sociol},
  volume={34},
  pages={181--209},
  year={2008},
  publisher={Annual Reviews}
}

@article{reskin2012race,
  title={The race discrimination system},
  author={Reskin, Barbara},
  journal={Annual Review of Sociology},
  volume={38},
  pages={17--35},
  year={2012},
  publisher={Annual Reviews}
}

@article{small2020sociological,
  title={Sociological perspectives on racial discrimination},
  author={Small, Mario L and Pager, Devah},
  journal={Journal of Economic Perspectives},
  volume={34},
  number={2},
  pages={49--67},
  year={2020}
}

@article{north1991institutions,
  title={Institutions},
  author={North, Douglass C},
  journal={Journal of economic perspectives},
  volume={5},
  number={1},
  pages={97--112},
  year={1991}
}

@book{thaler2009nudge,
  title={Nudge: Improving decisions about health, wealth, and happiness},
  author={Thaler, Richard H and Sunstein, Cass R},
  year={2009},
  publisher={Penguin}
}

@incollection{gabaix2019behavioral,
  title={Behavioral inattention},
  author={Gabaix, Xavier},
  booktitle={Handbook of Behavioral Economics: Applications and Foundations 1},
  volume={2},
  pages={261--343},
  year={2019},
  eds={Bernheim, B. D., DellaVigna, S. and Laibson, D.}
  publisher={Elsevier}
}